@InProceedings{shin2018interpreting,
  	author = "Shin, Jamin, Madotto, Andrea, and Fung, Pascale",
  	title =  "Interpreting Word Embeddings with Eigenvector Analysis",
  	booktitle =	"Workshop on Interpretability and Robustness in Audio, Speech, and Language (IRASL)",
  	year = 	"2018",
  	publisher = "NeurIPS IRASL"
}
@manual{Dmitriy:2019,
      title  = "Principal Component Analysis and k-means Clustering to Visualize a High Dimensional Dataset",
      author = "Dmitriy Kavyazin",
      url    = "https://medium.com/@dmitriy.kavyazin/principal-component-analysis-and-k-means-clustering-to-visualize-a-high-dimensional-dataset-577b2a7a5fe2",
      year   = "2019"
    }
    
@misc{spectral_clustering,
    author    = "Wikipedia",
    title     = "Spectral clustering",
    url       = "https://en.wikipedia.org/wiki/Spectral_clustering",
    year    = "2020-11-24"
} 

@misc{LDA,
    author    = "Sebastian Raschka",
    title     = "Linear Discriminant Analysis",
    url       = "https://sebastianraschka.com/Articles/2014_python_lda.html",
    year    = "2014"
} 